2217 3617
421 131 868 193 PoR‘r‘us
945 117 1143 191 Icc
1178 133 1381 192 Ius.

108 262 386 326 tamen
435 241 550 323 est
594 239 715 361 ‘ita
753 240 1056 344 mutila,
1118 241 1545 366 quibusque
1600 245 1687 330 in

105 352 310 436 locis
331 348 471 434 fibi
503 346 671 431 suls
705 375 804 431 ue
828 352 1385 460 praeconceptis
1417 355 1691 464 imagi-

107 461 345 544 nibus
393 457 632 545 adver
663 479 865 564 atur,
889 459 1000 540 ita
1029 461 1534 569 praecipitata,
1576 466 1691 546 ita

111 567 566 674 desultoria,
663 589 754 650 ut
795 631 803 646 .
830 593 1101 689 graves
1178 566 1693 679 suspicionum

1808 131 1908 206 15

1718 284 1729 294 ο

109 677 372 762 causas
394 680 741 787 praebere
785 676 1168 785 videatur,
1224 705 1403 762 eum
1430 683 1515 764 in
1546 683 1727 764 hac*

115 815 201 873 re
249 787 584 872 Lecstori
634 782 1096 896 imposuifl'e.
1227 793 1694 899 Exemplum

115 925 366 980 unum
395 896 679 1006 accipe.
755 900 959 1005 ·Qo
1011 895 1348 1006 (opinor)
1402 897 1540 982 suo
1577 900 1696 984 isti

116 1027 574 1089 commento
617 1004 718 1086 de
796 1007 1173 1089 Ulteriore
1238 1014 1310 1088 &
1379 1009 1699 1090 Citeriore

121 1121 347 1198 Portu
377 1116 588 1220 Icci0,
610 1114 818 1199 viam
853 1113 936 1196 in
972 1115 1381 1198 hominum
1426 1118 1700 1202 animis

123 1225 657 1334 ptaemuniret,
681 1219 995 1335 ejusque
1029 1225 1511 1310 imbecillitas
1553 1228 1699 1309 mi-

124 1364 274 1418 nus
351 1334 538 1416 effet
619 1333 858 1417 obvia
881 1393 910 1438 ,
985 1333 1123 1414 ubi
1194 1336 1698 1442 praeparatio-

121 1472 266 1526 nes
344 1439 657 1526 Caesaris
719 1442 820 1525 ad
883 1439 1498 1526 conscensionem
1558 1445 1697 1528 de-

125 1551 430 1656 scribit,
451 1572 747 1661 partem
795 1551 995 1636 hanc
1013 1551 1547 1660 Ephemeridis
1564 1586 1700 1665 pe-

12 1691 15 1708 *
123 1661 344 1747 nitus
394 1657 962 1772 praetermittit:
1023 1681 1044 1712 ¹
1076 1663 1248 1746 Huc
1292 1662 1700 1748 accedebant

126 1801 309 1855 vm.
343 1771 680 1853 oneraria
725 1800 970 1874 naves,
1011 1801 1158 1882 quae
1178 1800 1267 1853 ex
1294 1802 1366 1853 eo
1386 1774 1521 1856 loco
1540 1775 1699 1857 mil-

137 1879 328 1961 libus
321 1882 652 1994 paffuum
680 1881 848 1988 vilo,
870 1901 1071 1962 vento
1094 1879 1521 1988 tenebantur,
1565 1915 1699 1994 quo

133 1991 373 2071 minus
411 1991 492 2071 in
530 1989 813 2070 eundem
901 2011 1125 2071 ortum
1202 1995 1509 2072 ervenire
1544 1995 1699 2102 pos-

111 2099 307 2208 sent.
419 2103 594 2180 Has
633 2099 850 2210 equiti
891 2130 973 2178 us
1083 2099 1095 2112 '
1194 2097 1391 2180 ibuit.
1499 2105 1702 2184 Nar-

133 2208 530 2292 rationem
549 2230 804 2290 autem
823 2207 1029 2292 hunc
1066 2235 1149 2287 m
1167 2209 1487 2290 modum
1518 2237 1705 2293 con-

135 2317 410 2400 trahit.
467 2317 654 2398 Tum
705 2316 1078 2398 contrattis
1103 2314 1398 2397 navibus
1427 2320 1704 2401 circiter

135 2424 849 2532 Lxxx.moerariis‚ad
867 2425 1042 2507 duas
1058 2426 1344 2536 legiones
1360 2431 1705 2540 transpor-

134 2535 430 2642 tandas,
480 2538 694 2618 tertia
701 2536 862 2644 fere
885 2535 1136 2645 vigilia
1138 2536 1380 2642 solvit,
1421 2539 1709 2649 equites-

139 2675 276 2757 que
302 2647 381 2727 in
403 2647 791 2728 ulteriorem
809 2645 1462 2835 portuwogredg
1482 2657 1553 2730 &
1576 2679 1705 2727 na-

139 2785 267 2836 ves
325 2757 518 2837 alias
551 2783 774 2840 xvm.
815 2755 1036 2863 consce
1205 2785 1265 2860 e,
1301 2785 1385 2838 ac
1400 2759 1483 2864 fi’
1514 2760 1707 2869 [equi

128 2863 361 2988 juffit,
377 2871 507 2948 &c.
564 2866 805 2976 Qod
835 2866 890 2949 fi
923 2887 1088 2946 rem
1115 2886 1364 2946 totam
1418 2869 1534 2974 (ut
1565 2897 1711 2980 po-

147 2995 310 3058 tuit
341 3003 432 3058 ac
455 2974 753 3084 debuit)
805 2982 1074 3088 aperte
1097 3001 1186 3058 ac
1204 2973 1567 3062 distinete
1580 3007 1715 3062 ex-

1332 3087 1721 3198 posuiffet,

235 3257 268 3302 1
307 3235 458 3306 Caes.
473 3237 818 3312 Commeat.
835 3244 911 3310 de
929 3243 1092 3311 Bello
1103 3243 1361 3328 Gallico,
1370 3247 1505 3313 Lib.
1518 3270 1601 3315 ιν.

1717 3348 1741 3390 1
1773 3326 2041 3408 objeffl-

2062 3493 2205 3572 A
