2217 3617
512 107 922 227 Differtatio
957 108 1202 205 Now'a.

89 248 305 336 tustas
338 263 413 340 &
464 254 887 339 eminentia
920 255 1374 340 vindicavit.
1447 260 1646 369 Qi—

90 360 217 443 bus
254 362 569 473 quidem
620 363 1065 473 rationibus,
1093 366 1457 473 permoti,
1510 368 1643 449 de·-

27 526 29 579 ξ
87 467 237 553 dita
265 499 506 581 opera
548 475 973 585 Scriptores
1023 474 1279 581 multi,
1328 476 1644 585 plurimi

87 580 335 663 obiter
359 610 449 664 ac
475 582 559 665 in
574 584 900 666 'tranfitu
923 582 1141 665 suum
1169 585 1265 667 de
1293 585 1447 667 loci
1475 586 1648 693 fitu,

86 691 479 799 ἐτυμολοφὶοι,
505 704 643 777 διε.
677 694 1055 804 judicium
1089 694 1640 801 interposuere,-

86 804 293 883 Inter
317 782 683 913 reliquOS,
704 806 1015 910 'Joannes
1060 801 1364 909 Jacobus
1394 802 1648 910 Chiffle-

85 911 245 1014 tim,
270 910 618 1020 Philippi
636 942 744 997 1v.
803 912 1352 1023 Hispaniarum
1382 914 1650 1023 Regis,

83 1028 150 1103 ἃ
194 1021 685 1104 Sereniflimae
728 1022 1059 1106 Infantis
1091 1021 1383 1130 Isabellae
1437 1026 1649 1107 Clam

80 1130 415 1240 Eugeniae,
470 1131 808 1214 medicus
870 1132 1432 1237 cubicularius,
1500 1162 1647 1215 no-

80 1265 251 1322 vam
294 1238 605 1349 prorsus
647 1239 746 1323 de
782 1269 882 1323 eo
946 1239 1406 1350 opinionem
1464 1268 1650 1350 pro-

27 1446 31 1459 ,
78 1345 324 1433 duxit.
380 1356 707 1432 Portum
733 1349 1133 1455 nimirum,
1183 1372 1458 1432 contra
1485 1352 1648 1459 pri-

76 1485 302 1541 orum
351 1457 707 1541 omnium
754 1459 1266 1570 conjecturas,
1318 1460 1648 1542 Mardici

74 1566 160 1650 in
219 1566 587 1650 Flandria
640 1570 911 1677 ponit;
968 1595 1067 1651 eo
1117 1568 1356 1680 (quod
1410 1568 1651 1681 suspi-

75 1696 351 1759 cantur
390 1677 781 1787 nonnulli)
836 1675 1186 1784 confilio,
1237 1700 1330 1761 ut
1369 1679 1648 1789 Hispa-

76 1814 359 1871 norum
385 1808 699 1899 gentem
737 1788 1091 1898 pleniore
1117 1786 1494 1899 obstquio
1517 1787 1649 1871 de-

77 1918 533 1982 mereretur.·
601 1902 793 2003 Qo
820 1921 1080 1982 autem
1126 1900 1390 1981 animo
1452 1896 1650 1982 illud

76 2032 352 2090 munus
370 2005 575 2092 susce
676 2008 811 2112 ritg
847 2028 938 2089 ut
960 2005 1273 2090 difficile
1323 2005 1432 2087 est
1460 2034 1650 2089 con-

70 2116 367 2226 jectura
392 2145 543 2200 con
576 2116 787 2237 equi,
816 2116 927 2198 ita
945 2118 1213 2198 nostro
1241 2115 1650 2227 proposito

73 2228 183 2309 est
224 2224 535 2335 prorsus
571 2226 933 2308 ahenum.
1022 2225 1350 2308 Librum
1399 2225 1650 2333 proti-

74 2364 219 2419 nus
239 2335 660 2446 amplexati
675 2333 853 2419 sunt
876 2335 1233 2417 omnium
1275 2334 1647 2417 ordinum

72 2444 455 2550 homines,
504 2441 857 2555 ulnisque
907 2442 1346 2529 avidiffimis
1388 2464 1648 2552 capta-

72 2563 327 2645 runt3'
360 2567 433 2641 ὅτ
470 2556 642 2664 post
680 2555 935 2661 primo
964 2554 1045 2635 in
1084 2551 1478 2663 Hispaniis
1510 2580 1648 2635 ex·-

67 2662 363 2767 cusum,
409 2663 756 2767 Flandri‚
800 2663 1011 2773 quod
1044 2664 1142 2745 ad
1173 2662 1383 2744 suam
1458 2662 1646 2745 lori-

74 2803 201 2857 am
273 2776 665 2883 pertinere
714 2774 1316 2879 arbitrabantur,
1416 2798 1648 2855 ecun-
1702 2834 1710 2843 -

75 2884 255 2967 dam
303 2883 507 2970 illius
534 2882 959 2966 editionem
1014 2880 1451 2965 emiserunt.
1509 2883 1649 2965 Li·-

76 2995 215 3077 ber
258 2992 469 3077 forte
522 2993 605 3075 in
644 3017 913 3077 manus
956 2990 1286 3074 Gulielmi
1338 2988 1684 3082 Somneri

78 3103 581 3211 (immortalis
643 3102 847 3185 illius
908 3102 1348 3185 Cantuariae
1419 3130 1651 3184 orna·-

78 3212 373 3322 menti)
424 3232 875 3325 opportune
920 3211 1218 3301 incidit.
1293 3216 1482 3319 Qio
1513 3211 1646 3291 ille

1751 152 1880 213 111

685 3350 729 3405 a
761 3352 824 3407 »2
1269 3322 1650 3433 perstem,
1785 3332 1793 3339 “
