2217 3617
581 112 989 221 Dzffertatio
1021 114 1273 197 Nova.

136 247 598 356 pellationes
640 250 1048 335 hominum
1099 249 1517 353 desumere,
1590 277 1713 338 res

136 355 292 440 fuit
295 356 658 549 ¹pntiffinis
685 360 834 443 illis
849 359 1717 471 ’temporibusgentibus

134 492 296 576 prae
327 466 560 551 ertim
587 470 1061 576 Borealibus,
1114 499 1280 553 non
1336 471 1449 552 ita
1485 470 1717 551 inufi-

133 598 322 661 tata.
422 582 500 662 A
543 578 991 663 fluminibus
1041 600 1330 683 autem,
1398 578 1504 660 ad
1540 608 1717 691 quae

131 686 336 771 hanc
357 686 512 772 five
552 689 692 771 Icii
723 688 892 773 five
917 688 1094 771 Iccii
1137 688 1717 773 denominatio·

130 824 310 883 nem
371 800 513 905 (ut
573 797 894 883 inferius
951 798 1302 909 patebit)
1356 799 1719 881 existimo

133 906 612 1015 pertinuiffe,
651 928 846 993 totae
873 910 1111 993 etiam
1140 908 1567 1018 provinciae
1581 906 1719 990 sua

133 1016 461 1101 nomi-na
513 1015 913 1102 desumere
930 1016 1323 1102 solebant:
1382 1018 1464 1099 id
1496 1016 1721 1129 quod

132 1126 676 1211 eruditiffirnus
697 1138 952 1240 Eques
985 1135 1091 1211 D.
1112 1128 1473 1240 Hem-icus
1522 1129 1717 1239 Spel-

133 1248 458 1339 mannus,
478 1309 486 1319 .
507 1238 788 1322 nostrae
809 1239 1154 1337 nationis
1179 1233 1551 1319 {funium
1579 1236 1717 1318 de·

131 1374 291 1451 cus,
335 1344 570 1430 fufius
621 1347 960 1431 ostendit
1003 1348 1090 1429 in
1132 1350 1519 1430 Trastatu
1570 1344 1715 1432 fito

132 1464 305 1542 MS:
345 1456 442 1540 de
493 1458 750 1553 Remi-3
823 1456 962 1579 qui
1009 1460 1188 1539 cu'm
1240 1458 1448 1540 illius
1504 1456 1719 1561 Vita,

134 1550 577 1677 caeteristiiie
619 1566 1012 1677 quantlvis
1057 1568 1293 1675 pretii
1345 1567 1720 1676 reliquiis,

136 1672 191 1756 fi
235 1676 435 1761 mihi
483 1682 698 1759 Deus
749 1677 1135 1789 integram
1186 1676 1721 1761 valetudinem

136 1786 614 1891 concesserit,
633 1786 803 1869 luce
827 1786 1138 1896 publica
1153 1787 1545 1897 alquando
1568 1788 1717 1870 do-

133 1895 475 1979 nabitur.
588 1900 1006 2002 Caeterum,
1053 1898 1255 1981 hanc
1312 1896 1721 1980 materiam

135 2003 292 2089 fine
323 2007 734 2093 chiomm
771 2006 1012 2089 etiam
1045 2007 1447 2089 mentione
1490 2008 1719 2087 nullo

131 2115 378 2200 modo
396 2116 698 2225 possum
724 2114 1145 2199 dimittere.
1218 2116 1559 2223 Populus
1583 2114 1721 2197 ille

135 2226 581 2308 Comitatus
633 2225 1086 2307 Glocestriae
1136 2252 1225 2306 ac
1254 2223 1599 2310 Oxoniae
1628 2224 1723 2306 in

133 2335 426 2447 Anglia
468 2333 866 2421 incoluisse
899 2335 1211 2437 dicitur,
1262 2364 1309 2416 a
1352 2334 1731 2418 Dobunis-

134 2450 690 2533 Romanorum
748 2444 1235 2553 temporibus
1288 2443 1719 2529 habitatos·

136 2558 344 2643 Cum
382 2583 479 2638 au
485 2574 642 2639 tem
659 2562 996 2639 Saxones
1013 2582 1277 2636 rerum
1310 2555 1394 2635 in
1409 2554 1720 2637 Britan-

135 2663 268 2745 nia
319 2665 767 2777 potirentur
784 2726 811 2769 ,
876 2664 1235 2747 extinaesto
1286 2661 1725 2747 Dobunorum

137 2775 489 2879 nomine,
523 2775 995 2859 Germanico
1021 2777 1274 2855 Wiccii
1333 2773 1723 2856 vocaban-

137 2908 221 2964 tu
231 2913 288 2967 r.
377 2888 571 2967 Non
614 2885 832 2993 quod
889 2884 1032 2993 ipfi
1073 2892 1416 2967 Saxones
1444 2884 1721 2967 Latini
1814 2942 1818 2947 -

139 2992 537 3077 idiomatis
594 2995 976 3077 vocabulo
1043 3022 1181 3077 eos
1226 2994 1727 3103 donaverint,

137 3101 269 3195 sed
295 3101 600 3211 sumpta
633 3131 732 3185 ex
747 3102 880 3187 sua
902 3097 1141 3215 gente
1163 3100 1721 3219 appellatione,

142 3226 424 3309 pletas,
484 3216 900 3322 (quantum
948 3242 1048 3299 ex
1101 3236 1379 3298 natura
1396 3242 1721 3408 8ζὲἰῖῑίιῖ

1844 138 1944 196 xl.
