2217 3617
457 45 919 146 Porrus
995 49 1414 150 Icelus.

109 179 372 287 gredi
391 180 684 291 juffifl'e.
794 184 1038 267 Paulo
1067 183 1305 265 etiam
1334 182 1567 288 infra,
1589 209 1723 268 eo-

108 316 325 372 rum
363 292 765 374 mentione
820 289 1056 397 faeta,
1094 288 1399 375 solviffe
1452 319 1587 400 eos
1608 293 1727 398 diff

109 399 254 480 cit
276 406 326 478 ὰ
343 401 680 510 superiori
684 419 924 524 portu.
1035 400 1257 512 Qid
1302 400 1543 483 initur
1587 400 1728 484 fibi

115 508 324 591 vult
383 506 844 612 chiffletius,
922 536 1100 591 cum
1151 507 1247 590 de
1292 467 1727 616 stationibus
1772 593 1784 604 „

113 617 634 700 mentionem
678 615 994 729 injicit?
1065 616 1285 728 Qid
1320 619 1556 721 etiarn
1610 621 1727 728 (ut

118 725 344 806 vada
395 756 480 806 ea
538 729 789 808 Itiana
829 773 834 780 ·
872 725 1191 835 paulum
1263 725 1728 833 differamus,

116 863 330 918 nam
349 833 451 918 de
474 835 566 918 iis
599 836 811 918 nulla
837 837 1043 946 apud
1089 833 1465 919 Caesarem
1509 863 1728 920 men-

119 943 294 1049 tio)
357 945 552 1054 quid
605 945 976 1056 (inquam)
1029 944 1166 1028 fibi
1210 945 1409 1052 vult,
1468 945 1729 1026 Iccium

94 1051 355 1160 smum
395 1053 928 1158 memorand0‚
967 1054 1066 1136 de
1090 1085 1253 1166 quo
1286 1055 1523 1137 etiam
1564 1054 1733 1137 filet

124 1159 435 1268 Caesar,
465 1161 742 1245 habita·
755 1161 1002 1246 solnm
1027 1166 1204 1246 Iccz'i
1224 1163 1477 1275 port12s
1518 1191 1735 1245 men-

124 1271 426 1357 tione?
477 1271 798 1358 Abeant
821 1273 1062 1384 igitur
1091 1302 1306 1376 nova,
1328 1277 1492 1358 haec
1518 1301 1733 1354 com-

125 1399 415 1464 menta
471 1381 732 1488 (Iccius
781 1377 1006 1486 smus,
1071 1381 1395 1480 Iccianae
1470 1380 1733 1464 statio-

129 1491 310 1594 nes)
389 1517 538 1575 nos
579 1518 756 1572 cum
807 1487 1104 1577 Caesare
1133 1509 1419 1602 portum
1484 1490 1738 1574 nomi-

131 1625 470 1682 nemus:
528 1627 768 1711 quem
797 1595 980 1683 sane
999 1599 1056 1683 fi
1080 1598 1469 1713 duplicem
1514 1597 1739 1681 fuiffe

129 1707 686 1814 concederem,
747 1739 912 1791 non
947 1707 1187 1792 video
1263 1713 1743 1820 magnopere

129 1817 344 1928 qu'id
377 1816 565 1902 inde
605 1817 804 1900 lucri
839 1817 1220 1929 acciperet
1275 1818 1737 1904 Chiffietius.

131 1926 501 2013 A‘ttende
531 1927 744 2009 enim
768 1926 1205 2051 diligenter.
1265 1927 1519 2012 Caesar
1564 1927 1740 2008 0230-

133 2035 380 2140 deoim
403 2035 621 2116 navos
650 2067 1016 2118 oneremus
1037 2056 1544 2139 commemorat,
1570 2061 1745 2144 quae

131 2146 234 2230 in
413 2165 544 2228 rtu
603 2149 894 2254 altero,⁸2
950 2176 1040 2226 ex
1095 2176 1168 2226 eo
1248 2147 1384 2228 loco
1441 2142 1745 2232 millibus

112 2274 242 2367 pa
301 2285 465 2334 uum
489 2255 656 2359 vilo,
685 2275 884 2336 vento
921 2251 1346 2348 tenebantur.
1420 2263 1746 2338 Portum

135 2365 372 2452 hunc
402 2366 599 2447 οᾶο
625 2364 970 2448 millibus
999 2365 1345 2474 paffuum
1398 2371 1447 2448 ὲ
1494 2361 1571 2446 se
1597 2361 1746 2446 dis-

131 2475 431 2584 june'tu
439 2503 544 2578 m,
557 2474 944 2556 ulteriorem
975 2491 1297 2584 portum
1327 2476 1595 2584 postea
1613 2502 1750 2581 ap-

131 2584 424 2694 pellat,
452 2591 628 2666 etim
646 2583 732 2666 in
752 2584 1234 2668 Britanniam
1261 2583 1751 2698 trajedturu3‚

133 2723 186 2776 e
201 2693 490 2806 quites,
573 2691 800 2778 uibus
825 2723 948 2778 eas
974 2722 1211 2780 naves
1236 2692 1753 2797 distribuerat,

133 2808 214 2884 εὸ
351 2724 618 2926 οςνεέί,
653 2801 884 2913 ibique
909 2834 1129 2886 navos
1184 2800 1642 2914 confimo,
1679 2808 1752 2885 &

112 2913 188 3020 s
173 2943 211 2992 e
217 2820 428 3033 ἔξω
461 2911 702 3021 jubet.
759 2915 1209 2998 Ulteriorem
1235 2911 1502 3024 igitur,
1522 2909 1755 2995 Chifi·

132 3021 191 3112 fl
214 3043 421 3104 etms
465 3023 581 3132 (ut
600 3021 838 3132 vides)
871 3021 1341 3108 hodiernum
1368 3021 1512 3104 esse
1530 3025 1754 3102 Mar-

137 3127 194 3246 d
205 3129 466 3216 iccium
495 3133 642 3227 ait3'
658 3131 1044 3226 citeriorem
1070 3155 1357 3238 autem,
1378 3131 1585 3218 unde
1601 3130 1757 3325 [9ὲὲ

1040 3273 1046 3279 .
1567 3269 1650 3328 w

1859 74 1949 148 39
