2217 3617
430 52 897 135 Pon-ros
978 49 1414 139 Iccius,

130 174 484 294 simplex,
548 199 965 295 propterea
1016 184 1237 297 quod
1305 184 1630 296 duplicis
1669 219 1722 271 v

126 292 713 403 pronunciatio,
724 294 1067 404 gutturis
1086 296 1196 379 est
1216 296 1462 407 magis
1485 326 1720 407 quam

123 403 490 517 Linguae.,
540 414 617 489 &
644 400 923 488 sonum
949 403 1192 526 plane
1217 403 1281 488 ἐξ
1305 436 1390 487 ou
1417 406 1717 499 reddin

126 512 215 596 id
236 512 457 627 quod
472 513 788 637 Lingua
800 521 1095 598 Latma
1106 540 1276 598 non
1300 512 1482 600 satis
1502 546 1719 601 com-

126 624 369 707 mode
391 650 823 707 entmciare:⁴
848 622 1129 734 potest.
1220 625 1328 709 Iis
1382 626 1721 735 praemis-

114 732 245 838 fis,
267 733 673 821 videamus
700 734 1065 845 proxime
1084 762 1320 845 quam
1351 737 1718 843 probabi-

126 842 313 929 liter
333 842 977 929 terminationem
1008 843 1478 929 vocabulum
1517 845 1716 929 illud

128 951 213 1033 in
234 952 629 1037 Idiomate
659 952 974 1038 Gallico
1004 954 1390 1039 habuerit.
1500 954 1580 1037 Si
1627 954 1714 1037 in

130 1088 219 1144 ea
240 1062 303 1143 li
531 1063 748 1147 locus
760 1064 1192 1173 appellatus
1215 1062 1458 1149 filerit
1484 1062 1714 1171 (Wc‚)

1830 87 1972 161 103

127 1200 293 1255 non
386 1172 711 1257 ebuifl‘et
744 1172 1001 1257 Caesar
1049 1173 1135 1254 in
1181 1172 1374 1254 Icius
1400 1172 1558 1257 five
1594 1176 1712 1255 Ic·-
1845 1249 1859 1253 ,

126 1282 299 1388 cius,
346 1278 481 1365 sed
530 1281 616 1366 in
672 1286 838 1363 Icus
874 1302 1378 1372 convertere3
1442 1300 1463 1333 ¹
1488 1284 1707 1405 quod

126 1391 447 1503 quidem
474 1390 561 1474 in
595 1391 921 1476 nomine
943 1391 1296 1494 Litavici,
1319 1391 1636 1477 altenus
1661 1399 1711 1477 ὲ

126 1500 562 1585 Galliarum
623 1500 1013 1612 praefeffis
1028 1564 1057 1607 ‚
1106 1502 1211 1583 ab
1251 1528 1354 1585 eo
1408 1499 1708 1585 factum

123 1607 659 1721 conspicimus,
731 1619 937 1695 Eum
960 1608 1236 1721 saepius
1277 1632 1660 1696 memorat
1683 1648 1706 1693 ε

123 1720 335 1831 cujus
364 1748 660 1845 riomen
689 1720 1100 1805 verisimile
1135 1722 1247 1805 est
1275 1720 1590 1803 Litawic
1615 1722 1707 1805 fi-

123 1857 221 1913 ve
241 1829 559 1912 Lmtwic
576 1831 663 1911 in
692 1831 962 1942 lingua
989 1830 1406 1915 Gallorum
1436 1829 1662 1914 fuisse
1677 1872 1705 1924 ς
1805 1828 1814 1837 ’

120 1939 330 2023 unde
352 1969 518 2025 non
538 1939 1050 2025 dubitandum
1068 1942 1180 2022 est
1198 1941 1393 2050 quin
1411 1968 1706 2026 nomen

116 2048 315 2134 illud
356 2048 737 2131 Hludowic
766 2048 1256 2161 profluxerit,
1303 2046 1520 2157 quod
1544 2076 1709 2131 cre-

116 2159 265 2243 bro
310 2160 651 2244 occurrit
694 2159 779 2244 in
822 2158 1143 2243 historia
1167 2154 1516 2241 secundae
1547 2162 1710 2243 Re-

119 2296 309 2379 gum
355 2261 809 2353 'nostrorum
858 2266 1386 2381 Genealogiae.
1461 2267 1708 2351 Unde

113 2378 579 2467 Ludovicus‘
638 2381 703 2462 le
744 2376 1134 2462 Debonaire
1190 2378 1276 2461 in
1335 2405 1438 2459 eo
1481 2374 1708 2461 versu

114 2516 259 2598 per
308 2485 659 2573 Busaeum
724 2487 1168 2600 conscripto
1185 2548 1216 2594 ‚
1271 2488 1386 2571 ita
1445 2486 1708 2573 nomi-

113 2620 351 2682 natur
372 2632 395 2677 ε

218 2765 824 2883 Hludwicjustus
843 2787 1036 2875 erat,
1080 2800 1218 2881 quo
1246 2769 1408 2877 Rex
1434 2792 1567 2845 non
1575 2758 1706 2879 ju-

311 2879 502 2993 stior
549 2880 758 2964 alter.
1459 2892 1708 3092 Qod'

199 3158 226 3200 1
260 3138 500 3204 Cluver.
527 3139 593 3202 in
618 3135 959 3203 Germani
998 3155 1036 3199 1·
1051 3155 1104 3199 c.
1133 3134 1189 3197 6.
1207 3132 1386 3196 Pont.
1406 3128 1595 3195 Heut.
1615 3126 1693 3192 de
1711 3126 1849 3193 Vet.
1867 3124 2025 3210 Belg.

110 3240 169 3304 p·
186 3219 446 3304 225·J0s·
460 3217 989 3305 Soligensspmss.
1008 3214 1310 3286 Bufieusin
1325 3213 1481 3278 Not.
1496 3210 1570 3277 ad
1588 3210 1698 3295 Ep.
1715 3208 2026 3272 amnem,

1756 3308 1780 3353 1
1807 3287 2027 3354 Kilian.
