2217 3617
484 102 561 185 D
579 103 915 213 {ffertatio
945 108 1191 191 Nova.

91 231 252 320 bat.
374 249 397 283 ¹
430 239 602 322 Huc
665 240 1070 323 accedebant
1139 276 1172 322 1
1193 258 1259 328 8.
1339 243 1668 323 oneraria

92 374 334 451 naves,
373 376 519 457 qua
576 378 666 432 ex
701 382 775 431 eo
840 353 977 435 loco
1016 344 1316 433 millibus
1343 353 1666 463 pafficum

90 456 285 538 οᾶο
310 478 509 540 vento
540 458 966 565 tenebantur,
982 490 1114 572 quo
1152 461 1380 541 minua
1413 462 1489 539 in
1506 492 1682 542 eun--

89 562 245 645 dem
298 584 580 677 portum
615 575 986 683 pervenire
1035 572 1326 685 pqff'ent.
1413 580 1520 652 Et
1569 571 1668 654 de

88 674 369 760 eodem
400 680 641 787 paulo
667 678 1031 763 inferius:
1064 678 1226 789 Post
1244 679 1426 759 diem
1450 710 1664 790 qnar-

88 802 239 867 tum
295 816 506 898 quam
572 787 667 899 est
724 789 801 868 in
861 790 1322 871 Britanniam
1367 809 1669 895 ventum,

88 924 309 976 naves
345 932 377 977 1
398 914 463 984 8.
492 897 579 978 de
620 896 864 1009 quibus
872 902 1099 1012 supra
1133 896 1666 1009 dermnstratum

87 1004 211 1115 est,
237 1036 383 1117 quae
408 1009 671 1119 equites
672 1008 1127 1119 fistule-rant,
1151 1038 1240 1091 ex
1269 1007 1667 1117 superiore

88 1138 333 1223 portu
428 1117 567 1199 leni
633 1138 835 1200 vento
896 1121 1278 1228 Jblverunt.
1387 1123 1668 1227 Neque

88 1226 334 1337 longe
372 1226 626 1335 abfuit
654 1228 877 1333 alter,
912 1229 996 1310 in
1026 1238 1257 1339 quem
1282 1226 1452 1309 duae
1470 1253 1662 1307 one-

86 1336 316 1418 rariae
369 1364 624 1441 11an
678 1364 850 1447 quae
900 1338 1045 1421 hos
1083 1357 1356 1445 portus
1390 1364 1663 1443 capere

86 1472 263 1527 non
288 1448 615 1553 possent,
628 1442 967 1556 appulsae
981 1444 1199 1529 sunt:
1231 1462 1261 1494 ²
1293 1444 1439 1530 Sed
1462 1476 1551 1527 ex
1565 1445 1668 1529 hv}

30 1612 37 1623 -
86 1553 427 1635 onerariae
450 1554 599 1637 duae
622 1552 877 1663 eosdem
900 1584 1069 1667 quos
1106 1556 1384 1665 reliqua
1473 1576 1666 1635 ortus

86 1681 335 1775 capere
358 1694 491 1746 non
520 1682 917 1775 potuerunt,
973 1673 1043 1748 &
1062 1667 1276 1778 paulo
1315 1670 1390 1745 in
1467 1695 1514 1743 a
1547 1664 1668 1745 de-

89 1774 457 1896 latasunt.
514 1778 906 1859 Caeterum
928 1804 1105 1858 cum
1153 1776 1432 1858 horum
1483 1803 1670 1886 cog-

88 1904 303 1968 nitio
326 1912 423 1967 ex
441 1887 749 1968 ratione
782 1907 1224 1991 ventorum,
1279 1914 1376 1966 ex
1427 1886 1670 1992 parti-

90 1994 237 2079 bus
260 1994 614 2109 fhperiore
654 2007 728 2081 ὅῐ
753 1995 830 2074 in
864 1995 1104 2099 eriore,
1156 1993 1477 2103 aliisque
1521 1994 1671 2075 cir·-

91 2105 569 2188 cumstantiis
600 2132 773 2214 quae
818 2124 964 2185 unt
993 2104 1412 2211 admodum
1438 2102 1676 2187 variae

92 2214 468 2323 pendent,
502 2215 707 2297 nihil
732 2213 925 2297 certi
956 2233 1091 2296 aut
1133 2214 1368 2295 etiam
1391 2213 1676 2323 proba-

93 2324 279 2409 bilis
303 2352 401 2406 ex
419 2351 517 2409 eo
544 2323 839 2407 indicio
894 2323 1069 2409 elici
1103 2323 1315 2433 posse
1338 2322 1676 2407 videtur.

220 2462 285 2532 3.
328 2434 697 2545 Triginta
753 2433 1059 2516 circiter
1121 2429 1458 2517 millium'
1509 2428 1678 2539 pasl·

1777 103 1930 190 xxi·

96 2541 323 2626 suum
345 2543 670 2627 distabat
696 2552 745 2625 ὲ
764 2544 1231 2649 continenti,
1277 2544 1357 2627 h.
1383 2571 1449 2624 e.
1503 2540 1673 2623 Bri·
1805 2649 1810 2653 .

98 2653 393 2736 tannia.
468 2653 613 2738 Sed
668 2680 845 2735 cum
905 2652 1358 2735 milliarium
1404 2678 1676 2733 nume·-

101 2790 281 2847 rum
331 2791 497 2846 non
555 2760 801 2846 literis
840 2759 971 2845 sed
1119 2763 1275 2844 uris
1312 2788 1681 2869 compen-

104 2868 324 2956 diost
378 2871 722 2955 Librarii
786 2897 1023 2981 expre
1081 2893 1312 2954 erunt
1331 2932 1358 2975 ,
1416 2871 1680 2952 locum

105 2982 335 3065 istum
361 2981 861 3066 vehementer
879 2984 1455 3090 perturbarunt3
1469 3003 1680 3059 nunc

109 3120 295 3175 xxx.
326 3118 537 3173 nunc
556 3118 749 3179 vero
766 3120 1001 3175 xxxx.
1026 3090 1462 3175 scribentes.
1517 3084 1682 3170 Etfi

767 3201 823 3283 b
857 3232 890 3300 3
1364 3195 1680 3309 quidem

196 3356 243 3405 1.
256 3336 606 3409 Comment.
620 3338 695 3406 de
714 3338 853 3411 Bell.
868 3338 1026 3409 Gall.
1043 3338 1082 3405 l.
1100 3357 1162 3423 4.
1176 3355 1262 3416 c.5
1343 3356 1401 3401 2.
1419 3335 1567 3402 Ibid.
1581 3356 1688 3419 c.7.
