2217 3617
362 148 842 227 Pon-rus
922 140 1376 231 Iocins.

80 320 165 373 ac
190 319 430 372 eorum
459 286 701 417 quibus
723 288 1049 401 hucusque
1080 293 1365 376 utimur.
1477 298 1668 379 Haec

79 401 245 484 tria
263 398 549 484 indicia
580 400 807 483 nobis
830 400 1039 511 quafi
1060 401 1361 507 Lydios
1377 402 1668 513 lapides

77 528 229 605 aut
256 508 521 592 saltem
544 508 1330 613 fundamenta‚sumus
1354 512 1672 622 finituri,

78 648 251 730 quo
272 618 574 703 felicius
598 626 893 701 Portum
911 618 1132 701 Itium
1163 623 1564 733 exquirere
1585 652 1672 707 ac

82 729 457 814 invenire
502 728 910 838 poffimuss
967 730 1052 810 in
1094 731 1307 842 cujus
1357 732 1674 843 quidem

84 838 689 949 investigatione
717 860 849 947 tot
872 840 1264 923 Auctores
1296 846 1406 923 ita
1438 843 1676 945 vehe-⁴

84 968 393 1031 menter
414 943 923 1056 desudarunt,
961 968 1054 1032 ut
1080 978 1280 1034 unus
1306 950 1677 1033 inter‘re-

86 1058 351 1169 liquos
375 1058 541 1142 haec
562 1053 846 1182 scripto
874 1058 1316 1171 reliquerit:
1377 1075 1396 1111 1
1428 1064 1677 1142 Fateor

90 1174 137 1247 ὸ
180 1164 535 1249 veteribus
584 1166 949 1250 autorzbm·
974 1167 1324 1280 perspicue
1347 1164 1704 1281 'clareque

89 1275 321 1359 doceri
356 1308 493 1359 non
507 1278 717 1389 poffie·²
770 1281 901 1391 'quo
938 1277 1102 1359 olim
1131 1278 1271 1359 loco
1313 1279 1512 1362 Itius
1552 1300 1682 1360 aut

89 1388 340 1473 Iccius
372 1385 613 1493 fioerit
642 1404 939 1503 portus:
992 1384 1156 1468 bene
1196 1384 1475 1499 quidem
1499 1387 1691 1499 quod

73 1494 211 1605 sub
234 1496 525 1609 inperio
546 1526 633 1579 ac
658 1496 921 1581 ditione
946 1496 1419 1601 Morinorum,
1471 1504 1542 1579 &
1569 1496 1687 1580 in-

96 1605 183 1687 de
215 1604 677 1717 brevtſj'tmum
710 1608 791 1689 in
816 1606 1278 1691 Britanniam
1319 1602 1688 1721 trajeblum

80 1714 323 1823 fiaffi.
434 1720 908 1839 Qanquam
936 1739 1196 1801 autem
1224 1738 1385 1801 tam
1415 1743 1689 1826 graves

97 1823 512 1947 scriptores
553 1853 638 1908 in
679 1824 909 1939 hujus
934 1826 1442 1935 indagatione
1481 1853 1689 1907 erra:-

101 1955 362 2020 vermt
389 1971 416 2027 ;
470 1933 668 2020 mihi
694 1935 955 2017 etiam
981 1934 1184 2017 hanc
1213 1933 1526 2019 veniam
1566 1935 1687 2017 in-

102 2045 473 2157 dulgebo,
502 2040 787 2170 absque
805 2042 1186 2153 pertinaci
1203 2064 1467 2125 tamen
1490 2041 1689 2124 fidu-

100 2154 222 2239 cia
247 2154 549 2238 exitum
568 2153 721 2238 i111s
747 2151 1182 2237 feliciorem
1208 2148 1686 2237 inveniendi.

101 2264 397 2349 Libere
422 2262 737 2347 interim
776 2290 982 2346 meas
1030 2262 1514 2373 conjecturas
1555 2289 1690 2344 eo-

101 2401 283 2458 rum
304 2372 615 2487 judiciis
642 2373 1045 2483 permitto,
1096 2370 1235 2483 qui
1266 2368 1405 2455 fibi
1428 2372 1690 2453 litera-

104 2506 305 2567 turae
335 2511 425 2567 ac
450 2482 914 2567 eruditionis
952 2508 1267 2567 nomen*
1289 2476 1691 2587 assumpse-

104 2612 298 2678 rint.

1775 185 1874 257 99

214 2707 347 2788 Ut
378 2700 622 2814 igitur
650 2708 699 2785 ὲ,
744 2699 895 2784 fita
940 2698 1378 2790 ordiamur;
1433 2696 1690 2781 Caesar
1713 2728 1934 2791 Indicia

106 2810 419 2899 disertis
451 2810 709 2897 verbis
745 2808 1112 2894 certiores
1144 2808 1358 2912 fecit,
1401 2813 1690 2889 Portum
1713 2817 1920 2875 Portus

104 2923 338 3007 Itium
368 2920 452 3004 in
484 2922 664 3006 loco
690 2918 1030 3036 quodam
1057 2914 1502 3029 constitisse,
1552 2916 1692 2998 ubi

108 3034 485 3146 trajectus
552 3030 897 3224 OceaniG
937 3029 1022 3221 ἰὲι
1098 3026 1462 3139 Angliam
1480 3024 1695 3220 ciffi}

206 3334 237 3379 ι
282 3315 504 3387 Pontus
512 3315 805 3384 Heuterus
819 3317 854 3381 1.
880 3334 935 3379 2.
965 3289 1040 3383 de
1056 3312 1192 3383 Vct.
1231 3313 1386 3397 Belg.
1421 3315 1586 3379 018.

1719 2896 1845 2957 Itii.

1783 3406 1812 3449 1
1836 3388 2032 3455 Com·
