2217 3617
462 156 484 180 ‘
600 134 1012 242 Dg'ffertatio
1044 137 1290 217 Nova.
1817 162 1988 235 xxv'

160 267 475 378 cognita
490 269 652 385 jam
670 258 1071 354 Britannia
1089 282 1164 357 ἃ
1185 256 1733 353 Romanorum

158 380 503 487 Imperio
558 380 919 493 adjundffi
944 438 968 485 ‚
1070 382 1362 463 osteros
1412 378 1508 463 ad
1553 406 1733 459 eum

158 487 421 570 locum
484 489 649 571 vias
717 488 965 573 direxi
1024 516 1096 593 e,
1173 516 1404 599 quem
1474 485 1734 571 Caesar

158 598 849 682 commodiffimum
895 596 1256 708 diligenti
1323 594 1734 709 disquifiti·

160 736 315 789 one
350 730 850 819 cognoverat.
907 762 947 784 .·

266 824 456 901 Haec'
474 874 487 885 -
508 820 747 931 igitur
782 819 948 902 fere
992 815 1173 902 sunt
1232 814 1517 899 indicia
1555 844 1730 924 quae
1829 920 1842 931 ‚

156 926 385 1009 nobis
433 927 749 1013 Caesaris
772 930 1005 1015 verba
1032 956 1124 1010 ac
1173 928 1377 1010 illius
1409 924 1730 1034 expedi-

148 1036 395 1120 tionis
423 1039 625 1123 ratio
654 1038 1170 1149 suppeditant.
1200 1036 1538 1120 -Adhaec
1563 1035 1730 1116 exi-

158 1145 427 1228 oendae
458 1169 853 1257 quotquot
877 1150 959 1228 in
992 1150 1242 1229 lucem
1261 1145 1728 1254 prodierunt

152 1212 578 1361 fementiae,
602 1279 691 1337 ut
718 1285 813 1337 ex
846 1256 991 1337 hac
1006 1256 1477 1364 opinionum
1499 1256 1732 1336 turba

70 1390 75 1395 ’
154 1391 245 1445 ac
292 1367 665 1447 varietate
722 1366 1036 1471 liberari
1080 1365 1508 1476 ,aliquando
1559 1362 1728 1473 spe-

154 1498 429 1557 remus.
486 1479 613 1556 De
636 1472 975 1555 Mardico
1002 1497 1261 1557 autem
1295 1495 1524 1583 atque
1573 1482 1728 1554 Au-

154 1579 571 1695 domaropoli
602 1585 804 1666 nihil
850 1584 1139 1676 dican1‘3
1195 1585 1477 1693 partim
1507 1580 1728 1692 quod

154 1692 332 1801 post
357 1692 859 1777 acutiffimum
882 1700 1338 1777 Somnerum
1395 1698 1459 1801 (¹
1499 1699 1728 1803 aquo

158 1804 245 1882 in
278 1800 430 1885 hoc
478 1808 877 1889 Tradtatu‘
904 1805 1170 1888 dedita
1213 1832 1453 1914 opera
1510 1804 1728 1885 locus

156 1932 485 2029 uterque
514 1916 1035 2022 examinatur)
1093 1916 1505 2026 quicquam
1527 1924 1576 1995 a
1601 1938 1730 1993 me

159 2020 389 2129 adjici
425 2023 638 2130 poffe
665 2021 990 2133 sperare,
1046 2021 1581 2106 immodestum
1606 2018 1733 2103 fo·
1787 2119 1796 2127 ,

159 2152 331 2221 ret3
386 2132 669 2239 partim
696 2134 905 2243 quia,
956 2132 1011 2215 fi
1038 2132 1248 2216 forte
1291 2130 1549 2241 aliqua
1585 2156 1733 2211 no·

161 2261 333 2322 tatu
364 2240 601 2348 paulo
646 2240 725 2327 di
781 2242 1007 2325 niora
1052 2242 1585 2344 occurrebant,
1641 2266 1733 2321 ea

160 2347 313 2431 suis
364 2377 689 2462 quaeque
726 2268 923 2438 focis
972 2352 1057 2435 in
1104 2352 1384 2435 calcem
1430 2349 1735 2460 paginae

162 2457 481 2568 conjeci.
564 2465 845 2573 Neque
890 2488 1166 2545 meum-
1185 2461 1586 2546 confilium
1624 2456 1734 2539 est

162 2596 288 2652 eas
317 2568 729 2677 opiniones
770 2572 1181 2683 attingere,
1232 2600 1404 2683 quae
1439 2592 1734 2654 temere

163 2679 393 2763 nimis
412 2681 759 2788 prolatae,
812 2688 1069 2792 primo
1090 2681 1269 2764 sunt
1307 2682 1598 2763 intuitu
1628 2676 1733 2758 ri-

162 2789 480 2880 diculae3
534 2812 673 2873 aut
691 2791 926 2873 etiarn
954 2818 1217 2874 earum
1242 2795 1596 2875 auotores
1620 2789 1734 2870 la·-

160 2899 460 3020 cessere.
516 2900 974 2982 Inhumanum
1017 2904 1201 2982 enim
1223 2900 1318 3012 cst
1347 2905 1536 2981 viros
1556 2896 1736 2978 alio-

162 3037 283 3119 qut
305 3038 585 3117 magnos
620 3041 706 3092 ea
730 3014 807 3095 in
809 3030 1025 3123 parte
1048 3013 1428 3116 nominare,
1454 3040 1597 3120 qua
1622 3038 1734 3088 re-

1434 3116 1732 3232 prehen-

244 3306 286 3349 1.
308 3287 629 3351 Mardicum
661 3288 901 3372 quidem
940 3311 1042 3376 per
1064 3307 1258 3357 totum
1287 3291 1664 3375 Trauatum,
1696 3290 2058 3357 Audomaro·

146 3367 301 3450 polis
326 3389 473 3435 vero
497 3370 870 3470 βεᾶὶοηεγ.
