2217 3617
72 125 321 186 xxxv1
570 98 799 183 ‘Da
868 104 1260 221 Poxru
1331 70 1666 186 Icc1o

368 238 697 323 Tabulae
746 235 1358 347 Peutingerianae
1401 239 1708 345 volunt,
1765 233 1944 347 Gqs-

349 348 633 458 sariaco
683 346 869 459 quod
904 376 1077 427 nunc
1107 347 1423 429 Bononia
1473 350 1683 457 (nam
1733 350 1952 455 Gqso-

362 459 565 569 giaco
590 452 953 538 mendose
1008 458 1164 567 legi
1202 484 1350 567 pro
1395 456 1782 565 Gesoriaco,
1851 478 1956 541 ut

374 597 421 651 a
444 577 717 650 Marco
744 564 1065 654 Velsero
1113 567 1534 677 probatum
1575 567 1706 673 est,
1757 567 1872 649 ita
1897 595 1952 649 a

372 674 681 761 nemine
733 674 1228 783 dubitatum.)
1332 678 1469 760 Sin
1543 705 1731 761 vero
1783 678 1954 759 Ta-

372 784 577 869 bulae
610 784 767 867 istae
796 813 974 867 cum
1014 783 1245 869 tineis
1295 784 1550 869 adhuc
1572 786 1954 870 collucta-

374 917 646 977 rcntur
671 957 697 1001 ‚
777 916 866 977 ut
952 922 1237 1006 magno
1289 924 1467 977 cum
1524 894 1950 979 commodo

372 1006 755 1091 bonarum
782 1004 1180 1087 literarum
1197 1003 1661 1113 prodierunt
1681 1043 1706 1097 3
1729 1012 1953 1089 Mar-
2213 1072 2216 1081 .

376 1114 638 1197 cellini
716 1132 976 1197 tamen
1046 1114 1574 1197 testimonium
1627 1142 1950 1211 omnem
2213 1084 2216 1197 Ι

373 1250 473 1308 ex
494 1222 639 1306 hac
673 1251 759 1307 re
804 1222 1378 1307 dubitationem
1422 1225 1790 1308 sustulifl'e
1827 1225 1952 1307 vi-
2213 1230 2216 1259 ²

380 1328 630 1416 detur.
740 1332 1137 1441 Lupicino
1210 1334 1418 1415 enim
1497 1332 1704 1443 apud
1772 1333 1947 1417 Bri-

377 1460 655 1525 tannos
682 1464 983 1551 agente,
1036 1470 1136 1524 ne
1184 1443 1318 1525 ille
1341 1442 1682 1551 superbae
1729 1470 1950 1527 men-

378 1550 503 1657 tis,
563 1552 1043 1661 turgidaeque
1098 1552 1389 1659 ho'mo,
1441 1551 1762 1635 fortuna
1805 1560 1950 1665 Ju-

373 1656 583 1741 l'iana
634 1659 922 1765 audita,
975 1688 1355 1744 novarum
1399 1688 1658 1744 rerum
1703 1682 1950 1744 mate-
2213 1742 2216 1745 Α

372 1766 523 1849 rias
572 1772 942 1851 excitaret
962 1806 987 1857 ς,
1049 1788 1067 1819 ¹
1104 1771 1458 1852 Notarius
1503 1771 1951 1855 Bononiam
2213 1778 2216 1857 ἶ

377 1874 749 2095 mzssusjst,
802 1876 1276 1985 observaturus
1289 1880 1587 1987 sollicite
1626 1912 1710 1962 ne
1759 1882 1949 1993 qu-
2213 1864 2216 1929 Ι

376 2014 590 2097 quam
653 2008 871 2068 retum
908 1988 1165 2069 Oceani
1205 1991 1488 2099 trdnfire
1501 1992 1950 2101 permiptere-
2214 2036 2216 2101 j

375 2109 515 2179 tur'.
627 2097 778 2181 Hic
804 2099 1128 2180 Navalis
1153 2100 1616 2206 Morinorum,
1677 2114 1748 2186 ἃ
1769 2106 1955 2184 Por-

376 2220 494 2285 tus
546 2206 849 2314 Morini,
900 2209 979 2291 h.
1030 2236 1097 2290 e.
1135 2209 1582 2313 Gcssoriaci,
1624 2210 1946 2293 titulum

381 2312 951 2428 ’χαρακτῆραςιιε
1010 2316 1188 2403 fitis
1233 2318 1434 2401 clare
1521 2318 1950 2402 indicatum

380 2418 906 2535 conspicimus.
990 2428 1158 2511 Nifi
1195 2428 1404 2510 enim
1439 2428 1590 2511 illis
1639 2453 1947 2537 tempo-

379 2533 641 2638 ribus„
668 2541 713 2617 ὲ
764 2536 925 2619 sola
970 2540 1281 2619 Bononia
1335 2541 1466 2643 (ut
1494 2544 1540 2620 “e
1581 2538 1747 2621 folo
1776 2540 1947 2647 Gefi
2214 2618 2216 2635 ,

356 2640 635 2750 firiaco
716 2646 899 2729 dum
964 2664 1252 2729 nomen
1296 2646 1489 2731 illud
1559 2648 1946 2753 invaluit)
2210 2674 2216 2765 4

376 2750 461 2835 in
529 2754 1004 2837 Britanniam
1074 2752 1489 2863 solvissent,
1535 2798 1546 2809 ·
1598 2757 1946 2841 Notario
2213 2770 2216 2835 i

374 2856 486 2975 ibi
512 2882 781 2945 tantum
807 2864 1254 2971 constituto,
1296 2896 1459 2948 non
1475 2864 1651 2949 stitis
1677 2894 1951 2953 ornnes

376 2970 695 3054 tranfitu
718 2975 1304 3083 prohibuiffent,
1331 2977 1602 3086 adeoq;
1633 3003 1777 3058 nec
1817 3005 1946 3060 ca-

378 3082 653 3165 viss'ent
677 3113 773 3165 ne
794 3084 891 3168 de
915 3086 1156 3170 rebus
1173 3084 1395 3199 gestis
1410 3086 1694 3171 certior
1721 3086 1945 3169 fieret

378 3186 823 3298 Lupicinus.
1379 3218 1384 3225 '
1699 3190 1944 3306 Qod

80 3350 109 3355 -
142 3330 169 3355 “
189 3331 461 3401 urceum.
482 3336 617 3404 Lib.
640 3318 839 3427 ninid
