2217 3617
175 247 182 252 Δ
417 144 1387 226 Pontus1c01ua

105 278 278 386 um)
335 276 848 388 pervenimus
951 277 1406 378 Qiamlibet
1436 297 1694 359 autem

105 387 347 471 avide
405 413 574 469 eam
638 385 1096 494 opinionem
1156 387 1715 494 amplectatur,

110 497 406 606 illaque
476 492 1131 606 quamplurimum
1211 495 1693 590 deletstetur3

108 603 164 687 s
197 634 341 690 ero
397 633 520 686 me
574 604 658 686 in
697 605 844 686 hac
869 599 1117 707 causa,
1164 605 1262 687 ad
1289 605 1697 688 ostenden-

117 633 306 798 dam
359 714 566 796 illius
607 712 1247 817 imbecillitatem,
1290 741 1379 794 ea
1434 715 1693 798 dietu-

112 851 318 930 mm,
337 824 617 934 quibus
666 823 865 934 aequi
884 821 1176 933 judices
1194 825 1292 905 ab
1318 823 1449 905 illa
1475 827 1701 932 peni-

111 956 238 1018 tus
296 954 768 1028 avertantur.
881 929 1186 1044 Superest·
1250 932 1491 1042 igitur
1546 934 1693 1040 (in-

168 1043 294 1124 uit
321 1043 390 1150 z)
446 1054 518 1129 ὃ(
565 1069 714 1152 ego
769 1041 1081 1152 quidem
1089 1042 1429 1153 superffe
1454 1043 1688 1125 etiarn

112 1074 343 1242 diem
399 1179 542 1252 nec
565 1151 774 1232 enim
807 1151 1051 1262 liquet
1076 1181 1173 1233 ex
1206 1153 1295 1235 iis
1322 1181 1494 1261 quae
1510 1152 1689 1235 hac-

113 1282 344 1345 tenus
405 1260 754 1364 tradidit,
784 1259 946 1370 ⁴five
1004 1261 1307 1370 duplice
1430 1264 1692 1344 Iccium

115 1370 367 1474 suffic,
401 1370 554 1455 {ive
581 1371 844 1451 Iccium
871 1367 1054 1452 duas
1074 1371 1388 1453 navium
1494 1371 1691 1454 atio-

117 1508 254 1564 nes
296 1480 660 1563 habuifle.
773 1483 1074 1564 Totum
1120 1480 1273 1563 hoc
1299 1507 1406 1562 no
1482 1481 1695 1565 aliud

117 1591 537 1700 quicquam
649 1590 756 1670 est
853 1587 992 1671 nifi
1089 1588 1320 1670 inane
1417 1589 1695 1705 delira-

115 1721 500 1803 mentum,
550 1712 622 1787 ὃ(
677 1697 972 1781 cerebri
1019 1697 1156 1780 fibi
1194 1697 1523 1802 nimium
1554 1701 1693 1783 tri-

115 1808 432 1892 buentis
471 1811 758 1918 imago,
869 1807 1265 1918 Qicquid
1316 1803 1544 1912 dixit,
1574 1811 1693 1894 vi-

115 1917 365 2000 duum
409 1920 516 2000 est
557 1918 812 2002 omnis
860 1918 1347 2001 auctoritatis
1380 1927 1427 2000 a
1446 1921 1693 2002 Caesa-

113 2029 226 2111 ris
251 2028 508 2112 verbis
563 2025 982 2135 profectae3
1036 2037 1083 2108 a
1126 2027 1405 2136 quibus
1431 2049 1692 2111 tamen

112 2138 416 2220 necesse
466 2137 574 2218 est
603 2138 728 2232 vel
777 2134 1015 2220 vitam
1065 2137 1194 2216 vel
1223 2132 1472 2216 fatum
1500 2139 1692 2220 acci-

111 2247 313 2358 piat.
408 2246 618 2330 'Acie
645 2244 886 2356 igitur
915 2244 1279 2353 utrinque
1306 2241 1691 2356 dispofita,

113 2357 480 2468 praelium
501 2354 1096 2439 committamus.

111 2493 124 2500 ·
233 2464 516 2570 Caesar,
533 2464 666 2548 sua
693 2465 776 2546 in
803 2462 1162 2548 Morinos
1186 2464 1688 2574 expeditione

109 2573 684 2684 repraestntata,
729 2603 826 2656 eo
887 2573 1151 2655 animo
1198 2572 1569 2682 susceth
1597 2599 1690 2658 ut

113 2684 311 2768 inde
345 2705 709 2794 tanquam
761 2684 864 2796 ab
901 2681 1040 2767 ora
1071 2685 1406 2766 maxime
1445 2685 1689 2767 finiti-

111 2796 248 2877 ma
274 2793 358 2878 in
385 2793 864 2877 Britanniam
889 2793 1283 2905 trajiceret·
1306 2832 1329 2884 ς
1356 2860 1359 2861 f
1382 2819 1547 2876 rem
1566 2815 1691 2882 to-

111 2926 288 2988 tam
313 2905 552 3012 paulo
581 2901 785 2986 infra
809 2903 930 2986 his
961 2903 1213 2987 verbis
1252 2903 1690 2988 concludit:

129 3052 148 3084 ι
179 3010 521 3096 Navibus
575 3012 880 3124 (inquit)
933 3013 1225 3095 circiter·
1268 3044 1491 3098 Lxxx.
1538 3045 1692 3094 one-

671 3166 677 3174 *
944 3127 1016 3206 C
1077 3155 1121 3203 2
1468 3127 1691 3208 rariis

177 3259 182 3264 ⁸
207 3307 239 3352 1
285 3285 633 3352 Comment.
656 3287 790 3352 Lib.
809 3308 865 3372 4.
882 3307 1005 3372 cap.
1033 3308 1088 3370 ς.

1825 171 1916 244 35

1786 3391 1813 3434 1
1858 3371 2014 3436 Vide
