2217 3617
411 64 874 145 Porrus
952 68 1386 149 IGCIUS.
1803 98 1955 168 107

104 203 495 317 pretatione
536 265 565 311 ,
642 207 786 289 tale
865 206 1176 313 finitur
1272 205 1696 293 vocabulum.
1777 264 1786 275 ·

120 315 369 402 Verba
415 313 592 398 sunt
647 316 808 427 ejus
859 315 1234 399 Audtoris
1291 316 1431 427 qui
1489 317 1699 403 illius

115 426 376 514 Vitam
420 423 758 534 scripfit3
812 436 887 511 &
936 444 1316 537 quantum
1352 425 1452 509 ad
1475 429 1698 514 vocis

114 534 677 646 etymologiam
697 597 723 641 ,
808 562 983 618 cum
1042 535 1136 619 iis
1210 538 1698 623 conveniunt

113 674 283 756 quae
306 646 407 727 de
430 645 699 729 eadem
714 644 1039 728 materia
1060 645 1381 755 reliquit
1397 666 1432 710 -1
1459 654 1700 731 Lam-

112 758 371 841 bertus
417 755 485 839 d'
542 756 873 839 Ardres:
959 756 1453 837 Britannicum
1488 760 1696 863 ficus

104 884 408 975 portum⁷
434 868 557 976 qui
570 865 661 946 ab
688 861 1000 949 albedine
1021 896 1248 947 arenae
1265 866 1543 975 vulgari
1575 897 1696 947 no-

111 975 293 1057 mine
354 978 729 1087 appeHatur
800 975 1196 1063 Witsand:
1284 976 1693 1061 Vocabulo

112 1114 209 1166 ex
260 1085 517 1189 White,
561 1087 778 1197 quod
824 1087 1202 1170 idiomate
1247 1085 1694 1194 Anglicano

106 1195 578 1307 Belgicoque
624 1194 855 1277 album
892 1196 1265 1305 fignificat
1289 1256 1316 1301 ‚
1367 1207 1443 1279 ὅ(
1469 1194 1694 1301 fund,

104 1306 324 1413 quod
364 1304 739 1410 sabulum,
798 1304 1256 1413 compofito.
1368 1312 1477 1387 Et
1518 1304 1691 1415 qui-

103 1416 283 1496 dem
304 1443 746 1525 quanquam
761 1413 1291 1525 Etymologiis
1304 1440 1469 1495 non
1487 1414 1689 1496 mul-

100 1546 279 1605 tum
304 1524 595 1627 tribuo,
672 1522 1207 1607 adnotandum
1231 1545 1493 1605 tamen
1523 1523 1689 1606 exi-

101 1633 435 1739 stimavi,
488 1659 517 1691 ²
544 1634 992 1743 Philippum
1025 1633 1124 1717 de
1151 1640 1470 1739 Breton,
1519 1663 1682 1757 quo

104 1744 190 1826 in
216 1743 397 1827 loco
412 1744 513 1828 de
532 1743 1057 1828 Bloetenfibus
1083 1744 1438 1854 loquitur
1471 1741 1571 1850 (ii
1591 1743 1688 1824 li-

109 1873 289 1938 tora
314 1844 545 1938 {naris
574 1855 775 1939 circa
792 1860 1052 1937 Fames
1074 1854 1482 1959 incolunt,)
1510 1848 1690 1937 satis

104 1961 504 2073 perspicue
542 1964 967 2049 observaffe
994 2024 1020 2068 ,
1074 1963 1423 2047 sabulum
1477 1962 1688 2045 istius

106 2074 399 2158 littoris
431 2074 528 2158 ad
546 2072 774 2156 album
801 2101 1168 2184 vergere:
1819 2116 1824 2123 ·

212 2248 410 2376 Inde·
426 2280 703 2331 movens
731 2252 982 2331 iterum
1020 2244 1246 2359 clqffis
1273 2245 1439 2357 legit
1465 2272 1687 2356 aequo-

214 2390 435 2585 QZ}
449 2358 951 2594 minorum
985 2466 1399 2553 candentia
1441 2465 1688 2547 littora

116 2636 125 2645 ⁶
216 2577 939 2804 Qlcczznuilzareficfis
993 2684 1310 2775 extendit
1344 2681 1691 2768 flandria

324 2820 620 2912 campos.

108 2943 326 3027 Idem
349 2946 449 3028 de
481 2947 719 3055 Wfim
739 2946 859 3030 his
888 2946 1201 3058 quidem
1233 2942 1484 3031 verbis
1498 2969 1689 3026 con-

1345 3050 1688 3138 firmavit

193 3237 219 3280 ι
240 3217 539 3282 Lambcrt.
578 3218 743 3284 Ardr.
782 3240 839 3304 p.
866 3239 917 3303 3.
988 3240 1027 3285 2
1058 3216 1193 3285 Lib.
1213 3238 1269 3301 9.
1299 3215 1554 3303 Philipp.
1570 3236 1628 3299 p.
1656 3213 1794 3280 206.
1822 3309 1847 3354 ι
1875 3282 2013 3353 [ὦ.
