2217 3617
317 146 476 207 xxu
884 124 1036 201 DE
1115 122 1476 199 PoRTu
1550 118 1842 202 10010

578 248 898 359 quidem
943 246 1198 332 Codd.
1228 252 1441 333 MSS.
1486 245 1715 334 Bodl.
1750 256 1825 331 ἃ
1844 249 2121 333 Metto-

574 358 847 465 nenfis‚
929 370 1002 443 ὅ(
1055 357 1252 441 editi
1298 378 1693 469 quotquot
1756 354 1953 439 mihi
2022 354 2123 438 vi-

551 466 758 551 dere
783 468 1147 579 contigit,
1170 497 1353 551 xxx.
1368 468 1663 579 legunt.
1708 463 1876 575 Qi
1890 485 2123 549 autem

576 605 674 661 ex
695 578 852 661 oris
877 580 1157 663 Gauiae
1198 588 1245 661 ὲ,
1267 577 1667 663 Britannia
1703 574 2123 661 remotiori-

572 687 716 771 bus
741 686 1119 774 Caesarem
1144 685 1446 773 solviffe
1466 685 2013 792 existimarunt,
2034 709 2123 765 ne

575 794 726 880 suis
785 798 1299 907 opinionibus
1328 798 1707 883 distantiae
1751 796 1955 881 ratio
2009 793 2123 875 ad-

575 905 1032 1014 versaretur,
1051 910 1371 993 alteram
1408 907 1838 994 lectionem
1861 905 2117 1012 [xxxx]

574 1018 1076 1125 pertinaciter
1135 1016 1676 1101 defenderunt.
1752 1017 1904 1101 Sed
1956 1010 2125 1095 illud

573 1128 914 1235 partium
966 1158 1129 1213 non
1182 1127 1531 1212 veritatis
1579 1125 1843 1211 studio
1898 1122 2121 1209 fecisse

573 1236 966 1321 videntur.
1022 1239 1258 1321 Miffo
1278 1238 1515 1345 enim,
1559 1235 1782 1347 quod
1826 1234 2121 1321 Codices

571 1344 740 1429 fere
765 1378 946 1430 xxx.
970 1348 1042 1429 le
1152 1370 1243 1431 nt
1268 1387 1292 1440 3
1319 1347 1511 1433 dicit
1534 1345 1795 1431 Caesstr
1826 1344 1926 1452 se,
1946 1342 2123 1429 un'de

573 1478 741 1539 erat
770 1378 1242 1543 brevissffiius
1278 1460 1681 1569 trajed’cus5
1712 1456 1804 1543 in
1850 1455 2121 1541 Britan·

573 1566 794 1649 niam-
841 1566 1186 1661 solviffe3
1249 1581 1322 1654 ὅ(
1350 1568 1643 1652 idcirco
1692 1596 1877 1651 cum
1900 1561 2123 1650 omni·
2166 1616 2169 1633 ·

571 1677 717 1759 bus
767 1679 1016 1787 copiis
1051 1680 1137 1760 in
1174 1680 1536 1763 Morinos
1579 1676 1977 1788 profechls
2010 1674 2121 1775 est,

573 1788 790 1893 quod
853 1788 1206 1870 tranfitus
1250 1788 1618 1873 brevitati
1686 1786 2119 1873 consuleret.

571 1897 768 1977 Non
797 1895 1018 2005 quod
1039 1897 1499 1981 brevitatem
1529 1897 2123 1983 acommoditate

447 2088 454 2093 ,
573 2004 832 2113 (quam
854 2007 1105 2090 Libro
1142 2034 1213 2091 v.
1234 2007 1497 2093 innuit
1535 2010 1659 2091 his
1684 2009 1965 2111 verbiS,
1990 2008 2123 2123 Q

571 2144 662 2194 ex
727 2134 944 2226 portu
1015 2116 1611 2226 commoafftffimum
1688 2118 1771 2201 in
1852 2118 2123 2201 Britan-

570 2224 770 2309 niam
838 2225 1202 2339 traj'eblum
1280 2230 1409 2335 effe
1498 2232 1957 2339 cognoverat)
2029 2222 2122 2307 se-

567 2333 920 2443 jundtam
983 2337 1259 2421 velim:
1340 2368 1503 2451 quo
1568 2340 1785 2424 enim
1830 2340 1917 2423 in
1962 2338 2121 2421 loco

567 2470 782 2529 mare
837 2448 1175 2531 maxime
1216 2450 1685 2555 maritatur,
1736 2478 1903 2533 non
1938 2446 2119 2531 ultra

571 2586 696 2635 22.
720 2555 936 2641 mille
965 2558 1314 2666 paffuum
1349 2558 1685 2669 spatium
1710 2559 1969 2645 habet.
1992 2550 2123 2641 Sed

565 2664 623 2746 fi
673 2694 850 2749 cum
901 2668 1288 2753 brevitate
1340 2668 1855 2754 commoditas
1904 2668 2125 2751 etiam

565 2778 938 2894 conjungi
978 2780 1297 2887 poterit,
1358 2779 1813 2891 ostendique
1858 2780 2120 2889 proba·-

567 2883 832 2969 biliter
858 2888 1078 2998 quod
1132 2890 1449 2975 Caesaris
1483 2890 1723 2973 etiam
1766 2883 2121 2999 tempori-

563 2995 733 3115 bus,
784 3020 1058 3105 portus
1076 3022 1169 3083 ut
1186 3002 1471 3111 propin
1528 3003 1785 3086 uiores
1820 3001 1933 3083 ita
1958 2994 2119 3081 fitis

562 3106 831 3190 idonei
844 3112 1328 3217 exstiterunt,
1342 3113 1477 3223 qui
1549 3114 1657 3196 est
1680 3110 1899 3224 quod
1914 3108 2119 3191 illum

560 3214 940 3306 celeritati
975 3220 1056 3306 in
1079 3224 1348 3333 primis
1373 3222 1829 3328 studentem,
1850 3228 1923 3345 ’ὲ
1946 3213 2117 3411 ΥΞ-

1788 3358 1967 3423 mor
1964 3360 1993 3411 1
2088 3350 2116 3405 S
