2217 3617
440 58 901 139 Pon-rus
972 59 1407 138 Icc1u5.
1812 32 1961 159 κὸς

144 180 350 289 nem,
402 187 796 273 enunciari
834 185 1124 298 potuit.
1201 182 1544 269 Difficile
1579 185 1715 270 ad-

142 294 466 379 modum
492 298 639 381 effe
663 296 919 383 fateor
942 296 1356 407 quicquam
1394 293 1587 379 certi
1611 322 1712 378 ex

138 404 247 487 eis
293 408 817 517 Etymologiis
882 404 1366 489 concludere.
1477 407 1714 489 Certe

136 541 288 623 ego
343 516 467 599 isti
518 515 855 601 assentiri
895 545 1059 599 non
1095 516 1424 623 possum,
1472 542 1709 625 quam

141 641 159 673 ¹
192 625 558 709 nonnulli
578 626 723 709 Itio
739 624 1003 735 portui
1038 624 1502 728 tribuerunt,
1525 652 1710 709 eum

131 730 590 831 deducentes
608 738 709 820 ab
724 734 1007 839 stando,
1032 734 1253 845 quod
1273 734 1384 815 ibi
1410 733 1598 837 fere,
1617 736 1705 819 in

131 843 499 953 Angliam
518 845 722 953 ituri,
773 873 1049 930 navem
1072 842 1701 931 conscenderent.

127 952 410 1063 Neque
436 955 671 1039 etiam
710 979 739 1010 2
765 963 1148 1061 Heuter0,
1193 951 1331 1065 ¹qui
1371 961 1702 1037 Portum

124 1061 389 1143 Iccium
420 1066 628 1174 quafi
676 1068 916 1170 Ic-cie,
966 1066 1047 1147 h.
1084 1092 1153 1147 e.
1195 1063 1457 1168 vide0‚
1497 1060 1698 1145 scili·

123 1193 251 1253 cet
279 1170 615 1258 Insulam
647 1174 1153 1277 Britanniam,
1191 1173 1491 1255 dietum
1507 1202 1697 1255 con-

121 1280 401 1363 tendit.
514 1281 982 1391 Hujusmodi
1028 1282 1235 1365 enim
1264 1282 1530 1365 omnia
1550 1280 1698 1389 mi-

114 1388 412 1471 nimam
439 1391 602 1473 veri
628 1390 683 1473 s
660 1393 952 1499 peciem
969 1418 1130 1500 prae
1149 1389 1226 1473 se
1250 1389 1535 1473 serunt.
1564 1399 1698 1473 In-

114 1518 332 1580 terea
363 1526 552 1583 vero
582 1528 939 1611 magnam
991 1500 1442 1583 affinitatem
1486 1501 1694 1583 inter

110 1610 232 1687 Its
284 1606 439 1691 five
486 1610 700 1715 Itius,
743 1623 815 1697 &
874 1611 1150 1719 PVizgsan
1182 1611 1276 1695 de
1331 1610 1692 1693 rehendi-

110 1743 323 1807 rnus;
377 1716 798 1827 praesertim
833 1748 1005 1805 cum
1038 1721 1227 1805 certi
1288 1747 1526 1826 imum
1557 1722 1692 1826 est,

110 1826 746 1912 terminationem
770 1858 942 1913 eam
982 1833 1166 1937 (an)
1195 1858 1690 1914 communem

111 1934 263 2019 esse
306 1937 655 2045 pluribus
696 1941 1296 2023 Bononienfium
1343 1938 1688 2023 nomini-

110 2044 279 2151 bus,
333 2068 496 2129 tam
520 2049 876 2131 locorum
917 2078 1152 2160 quam
1191 2046 1688 2131 familiarum.

108 2152 713 2241 observabimus
736 2158 1244 2241 nihilominus
1266 2156 1352 2239 in
1371 2153 1690 2267 sequen-

108 2264 343 2371 tibus,
382 2266 602 2376 quod
634 2271 1019 2351 Auctores
1058 2267 1136 2349 ei
1154 2264 1318 2351 suas
1355 2275 1687 2373 Etymo-

105 2374 357 2485 logias
397 2379 981 2463 accommodare
1011 2398 1435 2461 tentarunt.

218 2494 396 2595 Ego
426 2486 737 2571 interim
766 2487 1130 2590 arbitror,
1180 2486 1682 2570 firmiffimum
1705 2490 1989 2571 Antequi-

108 2615 678 2704 argumentum,
728 2599 935 2680 unde
954 2606 1278 2680 Portum
1324 2598 1546 2680 Itium
1601 2626 1682 2679 a·
1704 2582 2002 2734 2232?

105 2704 271 2811 pud
326 2703 594 2791 Wisan
638 2704 786 2789 effe
846 2706 1388 2791 concludamus
1413 2768 1440 2812 ,
1494 2704 1682 2789 inde
1987 2696 2004 2713 ⁰

106 2814 411 2921 deduci,
452 2817 667 2926 quod
715 2847 812 2901 ex
841 2816 1312 2900 autitoritate
1337 2814 1681 2926 plurium

106 2928 551 3008 Audieram
635 2926 1250 3038 graviffimorum
1325 2946 1684 3037 apertum

1546 3036 1681 3143 est,

186 3217 213 3261 1
251 3196 457 3264 Paulus
480 3194 690 3263 AErnil.
768 3221 806 3264 2
826 3200 973 3285 Cap.
1005 3218 1089 3267 10-
1105 3219 1165 3285 p.
1185 3199 1284 3284 48.
1811 3254 1856 3341 ‘1
1877 3279 2019 3345 Vita
