2217 3617
274 88 427 159 106
839 70 1193 179 JuL11
1271 61 1794 148 Caesalus

524 201 663 306 est,
678 201 939 287 locum
958 201 1119 287 five
1129 216 1453 313 portum
1470 199 1569 283 de
1583 197 1881 306 Wffan,
1915 224 2095 285 eum

521 310 835 423 lingulis
863 310 1220 395 aetatibus
1241 305 1493 415 fuifl'e,
1529 309 1738 393 unde
1758 315 1808 392 ὸ
1835 310 2096 394 Gallia

518 420 677 507 five
696 421 1024 507 Francia
1054 420 1140 503 in
1165 420 1530 531 Angliam
1549 416 1985 525 solverunt,
2027 434 2094 507 δι
2177 510 2179 513 ⁴

520 530 623 613 in.
637 559 867 641 quem
899 560 997 615 ex
1040 530 1330 643 Anglia
1365 530 1455 614 in
1493 530 1838 613 Galliam
1879 530 2096 617 navi-

514 660 785 751 gantes
808 641 1302 753 appulerunt.
1355 645 1625 724 Sermo
1641 668 1878 749 quem
1896 639 2094 724 deea
2179 650 2181 653 ⁴

398 759 405 768 '
516 752 845 834 materia
869 813 896 858 ,
945 749 1243 837 Parifiis
1293 748 1532 832 habui
1581 750 1792 859 apud
1841 755 1954 834 D.
1997 750 2090 834 de

517 859 864 968 Heroual,
920 863 1410 973 (amputorum
1440 859 1856 943 Mitorem
1876 923 1904 967 ,
1956 859 2088 971 qui
2183 942 2185 953 ,

517 970 719 1053 mihi
765 970 975 1053 silam
1051 968 1470 1053 amicitiam
1519 970 1884 1081 dignatus
1934 970 2086 1077 est)

517 1108 694 1164 cum
723 1084 827 1164 D.
856 1078 1177 1184 Sanson,
1195 1078 1518 1162 homine
1533 1080 1812 1163 harum
1836 1106 2086 1163 rerum
2185 1100 2187 1103 ‘

518 1190 977 1301 cognitione
1021 1188 1557 1293 celeberrime,
1603 1189 1900 1301 quique
1927 1216 2088 1272 om-

523 1299 741 1385 nium
825 1301 1164 1385 maxime
1239 1300 1764 1408 Geographiae
1817 1328 2086 1383 arcana

516 1406 925 1501 reseravit;
978 1410 1176 1493 mihi
1217 1408 1576 1519 promiffa
1597 1406 2088 1519 persolvendi

517 1517 1029 1601 neceffitatem
1054 1516 1451 1630 imposuit.
1524 1521 1756 1603 Tunc
1780 1520 1992 1604 enim
2017 1519 2086 1602 ei

516 1628 914 1737 pollicitus
936 1627 1134 1732 sum,
1189 1656 1318 1710 me
1343 1655 1438 1709 ex
1465 1628 1802 1739 antiquis
1827 1642 1901 1715 ὅ(
1919 1629 2084 1714 ido-
2193 1692 2195 1731 ἕ

514 1738 679 1820 neis
730 1738 1176 1820 auctoribus
1229 1736 1624 1847 sexaginta
1667 1739 1840 1848 plus
1873 1741 2084 1823 locos

515 1846 1030 1953 prolaturum,
1071 1846 1212 1956 qui
1251 1874 1423 1929 eam
1472 1848 2083 1959 propofitionem

514 1954 1088 2039 confirmarent.
1199 1954 1461 2063 Qa‘rn
1485 1956 1804 2069 quidem
1829 1978 1923 2041 ut
2048 2006 2079 2023 ·

516 2064 828 2174 grediar
867 2066 1442 2177 probationem,
1477 2068 1852 2177 temporis
1877 1986 2086 2155 &aige-

510 2174 876 2257 culorum
902 2175 1263 2260 ordinem
1287 2175 1630 2283 servabo,
1646 2179 1928 2289 quibus
1941 2178 2082 2263 sm-

506 2284 691 2393 gula
723 2283 1274 2370 scribebantur.
1427 2358 1432 2364 .

620 2414 641 2446 ¹
674 2394 1023 2504 Reperio
1077 2396 1321 2508 igitur
1366 2404 1437 2481 S.
1486 2395 1905 2507 nganum
1935 2455 1962 2500 ,
2009 2402 2080 2483 S.

505 2502 981 2587 Columbani
1004 2503 1326 2612 socium,
1361 2508 1564 2591 circa
1590 2512 1743 2590 An.
1780 2526 1956 2605 566.
1983 2534 2078 2590 ex

504 2614 796 2725 Anglia
817 2610 900 2697 in
925 2616 1265 2699 Galliam
1293 2616 1830 2729 trajicientem,
1869 2634 2080 2729 appu-

504 2723 653 2827 ltff'e
691 2722 797 2805 ad
815 2740 1097 2837 portum
1142 2724 1447 2815 Witsan
1478 2726 1910 2839 appellatum,
1957 2726 2080 2837 qui

504 2830 825 2917 videlicet
868 2837 1052 2919 locus
1086 2865 1180 2920 ex
1222 2838 1549 2921 albentis
1580 2834 1828 2921 sabuli
1853 2837 2078 2919 inter-

1649 2946 2074 3059 pretatione,

267 3155 293 3199 1
334 3140 475 3206 Vita
507 3142 563 3207 S.
593 3145 869 3229 Vulgani,
895 3152 959 3215 in
989 3150 1258 3220 Historia
1289 3150 1566 3219 Abbatiae
1590 3150 1667 3217 de
1704 3150 1760 3217 S.
1805 3152 1988 3218 Ouen
2015 3169 2069 3232 p.

174 3233 313 3308 457.
334 3222 551 3289 Malbr.
573 3228 610 3291 1.
631 3248 751 3292 2.c.
769 3246 864 3313 54

1843 3332 1872 3377 1
1892 3312 2075 3381 Lam·
