2217 3617
437 68 890 148 Pom-us
970 72 1392 150 IGCIU's.
1638 110 1645 116 ·
1864 106 1906 171 5

139 221 316 276 eum
347 197 882 280 continentem
933 199 1495 281 confluxerunt.
1516 197 1531 214 ⁶
1552 208 1703 288 Va·
1798 265 1801 270 -

136 304 289 388 rias
367 329 624 388 autem
680 307 1181 415 conjed'curas
1233 308 1331 390 de
1380 327 1705 417 utraque

135 415 460 494 materia
513 416 694 524 (loci
713 415 854 498 fitu
882 445 970 497 ac
1009 417 1347 499 nominis
1376 417 1705 525 origine)
1812 437 1819 441 ’

139 523 507 629 prolatam,
551 545 898 633 repetere
915 523 1244 610 omnino
1257 524 1706 633 supervaca-

139 659 374 711 neum
401 633 765 735 arbitror,
798 661 972 715 cum
1001 660 1125 716 eas
1152 635 1235 714 in
1262 663 1502 716 unum
1533 663 1705 717 cor-

141 768 284 846 pus
367 742 730 824 collectas
803 741 1214 824 ediderunt
1288 744 1591 827 Merula
1632 756 1708 830 &

142 849 602 941 Cluverius;
655 859 981 964 uimque
1013 849 1344 960 scriptor
1398 853 1530 934 ille
1575 882 1708 936 cu-

136 957 256 1066 jus
280 961 736 1042 Tractatum
754 960 1710 1065 examinamus‚nonnullas

143 1094 470 1149 numero
509 1067 842 1177 adje&a3
906 1069 1186 1178 Capite
1233 1069 1373 1153 suo
1422 1090 1705 1181 quarto

141 1173 738 1284 ropraesentavit.

253 1292 540 1372 Veram
596 1287 766 1396 post
819 1289 1093 1371 miram
1144 1289 1345 1371 hanc
1396 1289 1710 1399 opinio-
1739 1322 1992 1384 cluverii

141 1420 336 1476 num
362 1395 834 1500 varietatem,
859 1427 1046 1506 quas
1072 1397 1427 1480 homines
1470 1398 1589 1480 illi
1615 1396 1713 1479 de
1736 1407 1915 1482 ‘'pini‘’
1929 1405 1998 1463 de

139 1501 295 1584 fitu
319 1511 590 1586 Portus
611 1504 917 1615 hujusce
969 1507 1052 1587 in
1077 1507 1417 1588 medium
1439 1527 1710 1616 protu-
1729 1499 1901 1628 {³3ss
1926 1495 2014 1548 Μ

143 1610 443 1701 lerunt3
519 1637 734 1696 ortus
788 1617 896 1697 est
970 1616 1371 1726 Philippus
1426 1619 1713 1700 Cluve-
1816 1617 1827 1628 '

141 1719 326 1827 rius,
381 1721 501 1804 vir
555 1724 928 1830 (omnium
979 1725 1465 1808 eruditorum
1513 1725 1714 1835 judi-

142 1829 297 1935 cio)
326 1831 408 1912 in
434 1859 519 1912 re
550 1831 966 1942 praesttr‘tim
1000 1835 1543 1945 Geographica
1567 1834 1713 1916 fin-

143 1939 434 2048 gularis
456 1967 544 2022 ac
571 1942 989 2049 praestantis
1011 1943 1496 2035 eruditionis.
1556 1946 1715 2026 Te-

145 2048 274 2130 stis
299 2050 496 2130 mihi
520 2049 610 2131 fit
643 2052 875 2133 instar
895 2054 1253 2134 omnium
1279 2051 1505 2134 unica
1550 2053 1717 2134 haec

145 2158 512 2263 periodus
537 2185 634 2239 ex
652 2161 997 2269 Epistola
1044 2159 1376 2269 quadam
1422 2156 1720 2242 desum-

147 2288 252 2370 εει,
278 2296 511 2377 quam
542 2267 642 2352 ad
665 2297 844 2350 eum
875 2268 1166 2378 scripfit
1189 2269 1581 2378 politioris
1622 2271 1717 2351 li-

147 2399 509 2462 teraturae
528 2405 862 2487 nuperus
907 2380 1044 2461 ille
1086 2393 1160 2465 δι
1194 2380 1547 2490 egregius
1582 2408 1718 2487 pa-

147 2505 449 2590 tronus,
503 2483 792 2571 Ifitacus
811 2486 1329 2572 casaubonus.
1447 2507 1465 2538 ¹
1505 2495 1719 2596 Perge

147 2609 307 2676 vero
362 2595 667 2706 (inquit)
724 2597 800 2676 in
816 2595 1056 2707 studio
1079 2595 1565 2708 Geographiw,
1590 2626 1721 2706 quo

147 2703 225 2785 in
253 2735 496 2815 genere
529 2706 892 2792 literarum
931 2737 1052 2786 nos
1081 2709 1244 2789 olim
1278 2707 1721 2809 φιλομάθειαν

149 2812 583 2924 (stendimus',
623 2835 698 2900 tu
733 2821 1185 2926 πολυμάθειαν
1206 2815 1529 2929 (fienda,
1554 2846 1719 2928 quo·-

965 2932 1042 3010 A
1107 2958 1140 3025 3
1582 2927 1717 3006 ties

1848 1157 1891 1192 b
1995 1205 1999 1209 .

240 3209 268 3256 ι
311 3187 469 3256 Vide
490 3187 749 3254 Cluverii
767 3189 1056 3254 German.
1083 3184 1437 3266 Antiquitat.
1455 3177 1590 3246 Lib.
1614 3197 1664 3259 3.
1686 3172 2045 3316 p’xzffirtius
